@journal{KhalidYousif-et-al-2015,
	title={An Overview to Visual Odometry and Visual SLAM: Applications
	to Mobile Robotics},
	author={Khalid Yousif, Alireza Bab-Hadiashar, Reza Hoseinnezhad},
	journal={Intelligent Industrial Systems},
	volume={1},
	number={4},
	pages={289--311},
	doi = {10.1007/s40903-015-0032-7},
	year={2015}
}

@journal{Aqel-et-al-2016,
	title={Review of visual odometry: types, approaches, challenges, and applications},
	author={Mohammad O.A.Aqel, Mohammad H.Marhaban, M.Iqbal Saripan and Napsiah Bt.Ismail},
	journal={SpringerPlus},
	volume={5},
	pages={1897},
	doi = {10.1186/s40064-016-3573-7},
	year={2016}
}

@ARTICLE{ScaramuzzaVO,
	author={D. {Scaramuzza} and F. {Fraundorfer}},
	journal={IEEE Robotics   Automation Magazine}, 
	title={Visual Odometry [Tutorial]}, 
	year={2011},
	volume={18},
	number={4},
	pages={80-92},}

@inproceedings{Irani-et-al-1999,
	author = {M. Irani and P. Anandan},
	title = {All About Direct Methods},
	booktitle = { ICCV '99: Proceedings of the International Workshop on Vision Algorithms: Theory and Practice},
	year = {1999},
	pages= {267-277}
	
}

@inproceedings{FilipenkoIlya2018,
	author = {Maksim FilipenkoIlya, AfanasyevIlya Afanasyev},
	title = {Comparison of Various SLAM Systems for Mobile Robot in an Indoor Environment},
	booktitle = {9th IEEE International Conference on Intelligent Systems},
	year = {2018},
	doi = {10.1109/IS.2018.8710464}
}

@INPROCEEDINGS{4538852,
	author={G. {Klein} and D. {Murray}},
	booktitle={2007 6th IEEE and ACM International Symposium on Mixed and Augmented Reality}, 
	title={Parallel Tracking and Mapping for Small AR Workspaces}, 
	year={2007},
	volume={},
	number={},
	pages={225-234}
}

@string{iccv="IEEE International Conference on Computer Vision (ICCV)"}
@inproceedings{engel2013iccv,
	author={J. Engel and J. Sturm and D. Cremers},
	title={Semi-Dense Visual Odometry for a Monocular Camera},
	year= {2013},
	address={Sydney, Australia},
	month={December},
	booktitle = iccv,
	keywords={rgb-d, visual odometry, monocular, slam, semidense}
}

@string{eccv="European Conference on Computer Vision (ECCV)"}
@inproceedings{engel14eccv,
	author={J. Engel and T. Sch\"ops and D. Cremers},
	title={{LSD-SLAM}: Large-Scale Direct Monocular {SLAM}},
	year= {2014},
	month={September},
	booktitle = eccv,
	keywords={rgb-d, monocular, slam, semidense, lsdslam},
	award = {Oral Presentation}
}

@string{pami="IEEE Transactions on Pattern Analysis and Machine Intelligence"}
@Article{Engel-et-al-pami2018,
	author = "J. Engel and V. Koltun and D. Cremers",
	title = " Direct Sparse Odometry",
	journal = pami,
	year = "2018",
	month = mar,
	titleurl = {engel_et_al_pami2018.pdf},
	keywords={mono-ds,dso,directsparseodometry}
}

@string{iros="International Conference on Intelligent Robots and Systems (IROS)"}
@InProceedings{gao2018ldso,
	author = "X. Gao and R. Wang and N. Demmel and D. Cremers",
	title = "LDSO: Direct Sparse Odometry with Loop Closure",
	booktitle = "iros",
	arXiv = "arXiv:1808.01111",
	year = "2018",
	month = "October",
	keywords = {dso, ldso}
}

@inproceedings{Forster2014ICRA,
	author = {Forster, Christian and Pizzoli, Matia and Scaramuzza, Davide},
	title = {{SVO}: Fast Semi-Direct Monocular Visual Odometry},
	booktitle = {IEEE International Conference on Robotics and Automation (ICRA)},
	year = {2014}
}

@thesis{chris,
	author = {Chris Kahlefendt},
	title = {Implementation and Evaluation of Monocular SLAM for an Underwater Robot},
	type = {type},
	institution = {Hamburg University of Technology},
	OPTlanguage = {english},
	OPTlocation = {Hamburg},
}

@article{Mur-Artal,
	author    = {Raul Mur{-}Artal and
	Juan D. Tard{\'{o}}s},
	title     = {{ORB-SLAM2:} an Open-Source {SLAM} System for Monocular, Stereo and
	{RGB-D} Cameras},
	journal   = {CoRR},
	volume    = {abs/1610.06475},
	year      = {2016},
	url       = {http://arxiv.org/abs/1610.06475},
	archivePrefix = {arXiv},
	eprint    = {1610.06475},
	timestamp = {Mon, 13 Aug 2018 16:49:16 +0200},
	biburl    = {https://dblp.org/rec/journals/corr/Mur-ArtalT16a.bib},
	bibsource = {dblp computer science bibliography, https://dblp.org}
}

@INPROCEEDINGS{Lucas81,
	author = {Bruce D. Lucas and Takeo Kanade},
	title = {An iterative image registration technique with an application to stereo vision},
	booktitle = {In IJCAI81},
	year = {1981},
	pages = {674--679}
}

@inproceedings{engel14eccv,
	author={J. Engel and T. Sch\"ops and D. Cremers},
	title={{LSD-SLAM}: Large-Scale Direct Monocular {SLAM}},
	year= {2014},
	booktitle = {European Conference on Computer Vision (ECCV)}
}

@ARTICLE{7782863,
	author={C. {Forster} and Z. {Zhang} and M. {Gassner} and M. {Werlberger} and D. {Scaramuzza}},
	journal={IEEE Transactions on Robotics}, 
	title={SVO: Semidirect Visual Odometry for Monocular and Multicamera Systems}, 
	year={2017},
	volume={33},
	number={2},
	pages={249-265}}

@INPROCEEDINGS{6126544,
	author={E. {Rublee} and V. {Rabaud} and K. {Konolige} and G. {Bradski}},
	booktitle={2011 International Conference on Computer Vision}, 
	title={ORB: An efficient alternative to SIFT or SURF}, 
	year={2011},
	volume={},
	number={},
	pages={2564-2571},}

@INPROCEEDINGS{4538852,
	author={G. {Klein} and D. {Murray}},
	booktitle={2007 6th IEEE and ACM International Symposium on Mixed and Augmented Reality}, 
	title={Parallel Tracking and Mapping for Small AR Workspaces}, 
	year={2007},
	volume={},
	number={},
	pages={225-234},}

@string{cvpr="IEEE Conference on Computer Vision and Pattern Recognition (CVPR)"}
@inproceedings{yang20d3vo,
	author = {N. Yang and L. von Stumberg and R. Wang and D. Cremers},
	title = {D3VO: Deep Depth, Deep Pose and Deep Uncertainty for Monocular Visual Odometry},
	booktitle = {IEEE Conference on Computer Vision and Pattern Recognition (CVPR)},
	year = {2020},
	eprint = {2003.01060},
	eprinttype = {arXiv},
	eprintclass = {cs.CV},
	award = {Oral Presentation},
	keywords = {dso,dvso, deep learning, deeplearning, monocular depth estimation, semi-supervised learning, slam, visual odometry,d3vo, vslam},
}

@INPROCEEDINGS{7989236,
	author={S. {Wang} and R. {Clark} and H. {Wen} and N. {Trigoni}},
	booktitle={2017 IEEE International Conference on Robotics and Automation (ICRA)}, 
	title={DeepVO: Towards end-to-end visual odometry with deep Recurrent Convolutional Neural Networks}, 
	year={2017},
	volume={},
	number={},
	pages={2043-2050},}

@misc{Kahlefendt2017,
	author = {Kahlefendt, C.},
	title = {List of SLAM and Visual Odometry Algorithms},
	year = {2017},
	publisher = {GitHub},
	journal = {GitHub repository},
	howpublished = {\url{https://github.com/kafendt/List-of-SLAM-VO-algorithms/}}
}

@misc{Online,
	author = {author},
	title = {Title of Citation}, 
	howpublished = "\url{source:www.jpl.nasa.gov}"}

@misc{yang2018challenges,
	title={Challenges in Monocular Visual Odometry: Photometric Calibration, Motion Bias and Rolling Shutter Effect}, 
	author={Nan Yang and Rui Wang and Xiang Gao and Daniel Cremers},
	year={2018},
	eprint={1705.04300},
	archivePrefix={arXiv},
	primaryClass={cs.CV}
}